@Manual{Xi,
title={ZYBO FPGA Board Reference Manual},
organization={Xilinx},
year={2016}
},

@Manual{MM,
title={Pololu Maestro Servo Controller User's Guide},
organization={Pololu},
year={2014}
},

@Misc{VT,
author={Wikipedia},
title={Video Tracking},
howpublished={\url{https://en.wikipedia.org/wiki/Video_tracking}},
year={Dostęp: 12.10.2016}
}

@Misc{CMS,
author={Nicole M. Artner},
title={A Comparison of Mean Shift Tracking Methods},
year={2008}
}

@Misc{TSK,
author={Tomas Svoboda},
title={Kanade–Lucas–Tomasi Tracking},
howpublished={\url{http://cmp.felk.cvut.cz/cmp/courses/Y33ROV/Y33ROV_ZS20082009/Lectures/Motion/klt.pdf}},
year={Dostęp: 19.11.2016}
}

@Misc{KK,
author={Kris Kitani},
title={KLT Tracker},
howpublished={\url{http://www.cs.cmu.edu/~16385/lectures/Lecture23.pdf}},
year={Dostęp: 19.11.2016}
}

@Article{BCV,
author={Gary R. Bradski},
title={Computer Vision Face Tracking For Use in a Perceptual User Interface},
journal={Intel Technology Journal},
year={1998}
}