@Manual{Xi,
title={ZYBO FPGA Board Reference Manual},
organization={Xilinx},
year={2016}
}

@Manual{MM,
title={Pololu Maestro Servo Controller User's Guide},
organization={Pololu},
year={2014}
}

@Misc{VT,
author={Wikipedia},
title={Video Tracking},
howpublished={\url{https://en.wikipedia.org/wiki/Video_tracking}},
year={Dostęp: 12.10.2016}
}

@Misc{CMS,
author={Nicole M. Artner},
title={A Comparison of Mean Shift Tracking Methods},
year={2008}
}

@Misc{TSK,
author={Tomas Svoboda},
title={Kanade–Lucas–Tomasi Tracking},
howpublished={\url{http://cmp.felk.cvut.cz/cmp/courses/Y33ROV/Y33ROV_ZS20082009/Lectures/Motion/klt.pdf}},
year={Dostęp: 19.11.2016}
}

@Misc{KK,
author={Kris Kitani},
title={KLT Tracker},
howpublished={\url{http://www.cs.cmu.edu/~16385/lectures/Lecture23.pdf}},
year={Dostęp: 19.11.2016}
}

@Article{BCV,
author={Gary R. Bradski},
title={Computer Vision Face Tracking For Use in a Perceptual User Interface},
journal={Intel Technology Journal},
year={1998}
}

@Misc{Xiaomi,
organization={Xiaomi},
title={YI Action Camera Technical Specs},
howpublished={\url{http://www.xiaoyi.com/en/specs_en.html}},
year={Dostęp: 26.12.2016}
}

@Book{TS,
author={Jerzy Baranowski and Krystyn Hajduk and Adam Korytowski and Wojciech Mitkowski and Andrzej Tutaj},
title={Teoria Sterowania. Materiały pomocnicze do ćwiczeń laboratoryjnych.},
year={2015},
publisher={Wydawnictwo AGH},
address={Kraków}
}

@Misc{Pololu,
author={Hobbyking},
title={PowerHD D-21HV specification},
howpublished={\url{https://hobbyking.com/en_us/power-hd-durable-d-21hv-high-voltage-digital-car-servo-w-titanium-alloy-gears-21kg-75g-12sec.html}},
year={Dostęp: 31.12.2016}
}

@Article{Mukhtar,
author={Amir Mukhtar and Likun Xia},
title={Target Tracking Using Color Based Particle Filter},
journal={IEEE},
year={2014}
}

@Misc{Meresinski,
author={Tomasz Meresiński},
title={Implementacja algorytmu śledzenia obiektów w heterogenicznym układzie Zynq},
year={2016},
address={Kraków}
}

@Misc{Benda,
author={Lukas Benda},
title={Hardware Acceleration for Image Processing},
year={2008},
address={EPFL, I\&C, BIRG}
}

@Book{Kryjak,
author={Mateusz Komorkiewicz and Tomasz Kryjak},
title={Projektowanie struktury układów FPGA. Skrypt do ćwiczeń laboratoryjnych.},
year={2014},
publisher={Wydawnictwo AGH},
address={Kraków}
}